%YAML 1.1
%TAG !u! tag:unity3d.com,2011:
--- !u!1 &890679620238708267
GameObject:
  m_ObjectHideFlags: 0
  m_CorrespondingSourceObject: {fileID: 0}
  m_PrefabInstance: {fileID: 0}
  m_PrefabAsset: {fileID: 0}
  serializedVersion: 6
  m_Component:
  - component: {fileID: 890679620238708264}
  - component: {fileID: 890679620238708270}
  - component: {fileID: 890679620238708265}
  - component: {fileID: 8276945121346156291}
  - component: {fileID: 8363428812815174777}
  - component: {fileID: 4262619207757710153}
  - component: {fileID: -4758213743298771605}
  m_Layer: 0
  m_Name: FireLynx
  m_TagString: Untagged
  m_Icon: {fileID: 0}
  m_NavMeshLayer: 0
  m_StaticEditorFlags: 0
  m_IsActive: 1
--- !u!4 &890679620238708264
Transform:
  m_ObjectHideFlags: 0
  m_CorrespondingSourceObject: {fileID: 0}
  m_PrefabInstance: {fileID: 0}
  m_PrefabAsset: {fileID: 0}
  m_GameObject: {fileID: 890679620238708267}
  m_LocalRotation: {x: 0, y: 0, z: 0, w: 1}
  m_LocalPosition: {x: 0, y: 0, z: 0}
  m_LocalScale: {x: 1, y: 1, z: 1}
  m_ConstrainProportionsScale: 0
  m_Children:
  - {fileID: 7559002067861698871}
  - {fileID: 6822475937066957068}
  - {fileID: 3493103775906255765}
  m_Father: {fileID: 0}
  m_RootOrder: 0
  m_LocalEulerAnglesHint: {x: 0, y: 0, z: 0}
--- !u!114 &890679620238708270
MonoBehaviour:
  m_ObjectHideFlags: 0
  m_CorrespondingSourceObject: {fileID: 0}
  m_PrefabInstance: {fileID: 0}
  m_PrefabAsset: {fileID: 0}
  m_GameObject: {fileID: 890679620238708267}
  m_Enabled: 1
  m_EditorHideFlags: 0
  m_Script: {fileID: 11500000, guid: b61f5c86d7e25a549a114e1f0cf1b6b7, type: 3}
  m_Name: 
  m_EditorClassIdentifier: 
  faction: 1
  element: {fileID: 5225993240343573448, guid: bf33690f2835d9c42b978da205c6e0b5, type: 3}
  movement: {fileID: 4262619207757710153}
  characterRenderer: {fileID: 2757998683958822454}
  socle: {fileID: 5895915090002091977}
  controller: {fileID: 890679620238708265}
  health: {fileID: 8276945121346156291}
  meleeDamages: {fileID: 8363428812815174777}
  attacks: []
  state: 0
  onStartMove:
    m_PersistentCalls:
      m_Calls: []
  onReachNode:
    m_PersistentCalls:
      m_Calls: []
  onHitBy:
    m_PersistentCalls:
      m_Calls: []
  onKilled:
    m_PersistentCalls:
      m_Calls: []
  onKilledBy:
    m_PersistentCalls:
      m_Calls: []
  onKill:
    m_PersistentCalls:
      m_Calls: []
  onHit:
    m_PersistentCalls:
      m_Calls: []
  onEquipNewAttack:
    m_PersistentCalls:
      m_Calls: []
  onEquipNewWeapon:
    m_PersistentCalls:
      m_Calls: []
  elementStrenght: 1
--- !u!114 &890679620238708265
MonoBehaviour:
  m_ObjectHideFlags: 0
  m_CorrespondingSourceObject: {fileID: 0}
  m_PrefabInstance: {fileID: 0}
  m_PrefabAsset: {fileID: 0}
  m_GameObject: {fileID: 890679620238708267}
  m_Enabled: 1
  m_EditorHideFlags: 0
  m_Script: {fileID: 11500000, guid: a239c6475c3b08f41b3dd1a7aff644d1, type: 3}
  m_Name: 
  m_EditorClassIdentifier: 
--- !u!114 &8276945121346156291
MonoBehaviour:
  m_ObjectHideFlags: 0
  m_CorrespondingSourceObject: {fileID: 0}
  m_PrefabInstance: {fileID: 0}
  m_PrefabAsset: {fileID: 0}
  m_GameObject: {fileID: 890679620238708267}
  m_Enabled: 1
  m_EditorHideFlags: 0
  m_Script: {fileID: 11500000, guid: 5d0f93f74a35c944685f1bc6abc445bf, type: 3}
  m_Name: 
  m_EditorClassIdentifier: 
  initialLife: 1
  onLoseLife:
    m_PersistentCalls:
      m_Calls: []
  onGainLife:
    m_PersistentCalls:
      m_Calls: []
  onChangeLife:
    m_PersistentCalls:
      m_Calls: []
  onDie:
    m_PersistentCalls:
      m_Calls: []
  onBackToMaxHealth:
    m_PersistentCalls:
      m_Calls: []
--- !u!114 &8363428812815174777
MonoBehaviour:
  m_ObjectHideFlags: 0
  m_CorrespondingSourceObject: {fileID: 0}
  m_PrefabInstance: {fileID: 0}
  m_PrefabAsset: {fileID: 0}
  m_GameObject: {fileID: 890679620238708267}
  m_Enabled: 1
  m_EditorHideFlags: 0
  m_Script: {fileID: 11500000, guid: b104d234fb5255748a3d2bc3f360ff20, type: 3}
  m_Name: 
  m_EditorClassIdentifier: 
  damages: 1
  ignoreInvulnerability: 0
  stunDuration: 0
  pushAway: 1
  pushDistance: 3
  pushSpeed: 6
  onHit:
    m_PersistentCalls:
      m_Calls: []
  onKill:
    m_PersistentCalls:
      m_Calls: []
--- !u!114 &4262619207757710153
MonoBehaviour:
  m_ObjectHideFlags: 0
  m_CorrespondingSourceObject: {fileID: 0}
  m_PrefabInstance: {fileID: 0}
  m_PrefabAsset: {fileID: 0}
  m_GameObject: {fileID: 890679620238708267}
  m_Enabled: 1
  m_EditorHideFlags: 0
  m_Script: {fileID: 11500000, guid: 3bd9eae35886a6f4ab86394cc74e1236, type: 3}
  m_Name: 
  m_EditorClassIdentifier: 
  type: 0
  speed: 9
  duration: 0.33333334
  waitingTime: 0.25
  speedCurve:
    serializedVersion: 2
    m_Curve:
    - serializedVersion: 3
      time: 0
      value: 0
      inSlope: 1
      outSlope: 1
      tangentMode: 34
      weightedMode: 0
      inWeight: 0
      outWeight: 0
    - serializedVersion: 3
      time: 1
      value: 1
      inSlope: 1
      outSlope: 1
      tangentMode: 34
      weightedMode: 0
      inWeight: 0
      outWeight: 0
    m_PreInfinity: 2
    m_PostInfinity: 2
    m_RotationOrder: 4
  modifiers: []
  owner: {fileID: 0}
--- !u!114 &-4758213743298771605
MonoBehaviour:
  m_ObjectHideFlags: 0
  m_CorrespondingSourceObject: {fileID: 0}
  m_PrefabInstance: {fileID: 0}
  m_PrefabAsset: {fileID: 0}
  m_GameObject: {fileID: 890679620238708267}
  m_Enabled: 1
  m_EditorHideFlags: 0
  m_Script: {fileID: 11500000, guid: 2cdb33994f778254182918819d30ed7b, type: 3}
  m_Name: 
  m_EditorClassIdentifier: 
  elem: 1
  intensity: 1
--- !u!1001 &1306176344128456135
PrefabInstance:
  m_ObjectHideFlags: 0
  serializedVersion: 2
  m_Modification:
    m_TransformParent: {fileID: 890679620238708264}
    m_Modifications:
    - target: {fileID: 2475158001254422098, guid: fb73f388f88398b41a79981709f3dd46, type: 3}
      propertyPath: m_Pivot.x
      value: 0.5
      objectReference: {fileID: 0}
    - target: {fileID: 2475158001254422098, guid: fb73f388f88398b41a79981709f3dd46, type: 3}
      propertyPath: m_Pivot.y
      value: 0.5
      objectReference: {fileID: 0}
    - target: {fileID: 2475158001254422098, guid: fb73f388f88398b41a79981709f3dd46, type: 3}
      propertyPath: m_RootOrder
      value: 2
      objectReference: {fileID: 0}
    - target: {fileID: 2475158001254422098, guid: fb73f388f88398b41a79981709f3dd46, type: 3}
      propertyPath: m_AnchorMax.x
      value: 0
      objectReference: {fileID: 0}
    - target: {fileID: 2475158001254422098, guid: fb73f388f88398b41a79981709f3dd46, type: 3}
      propertyPath: m_AnchorMax.y
      value: 0
      objectReference: {fileID: 0}
    - target: {fileID: 2475158001254422098, guid: fb73f388f88398b41a79981709f3dd46, type: 3}
      propertyPath: m_AnchorMin.x
      value: 0
      objectReference: {fileID: 0}
    - target: {fileID: 2475158001254422098, guid: fb73f388f88398b41a79981709f3dd46, type: 3}
      propertyPath: m_AnchorMin.y
      value: 0
      objectReference: {fileID: 0}
    - target: {fileID: 2475158001254422098, guid: fb73f388f88398b41a79981709f3dd46, type: 3}
      propertyPath: m_SizeDelta.x
      value: 150
      objectReference: {fileID: 0}
    - target: {fileID: 2475158001254422098, guid: fb73f388f88398b41a79981709f3dd46, type: 3}
      propertyPath: m_SizeDelta.y
      value: 200
      objectReference: {fileID: 0}
    - target: {fileID: 2475158001254422098, guid: fb73f388f88398b41a79981709f3dd46, type: 3}
      propertyPath: m_LocalPosition.x
      value: 0
      objectReference: {fileID: 0}
    - target: {fileID: 2475158001254422098, guid: fb73f388f88398b41a79981709f3dd46, type: 3}
      propertyPath: m_LocalPosition.y
      value: 0
      objectReference: {fileID: 0}
    - target: {fileID: 2475158001254422098, guid: fb73f388f88398b41a79981709f3dd46, type: 3}
      propertyPath: m_LocalPosition.z
      value: 0
      objectReference: {fileID: 0}
    - target: {fileID: 2475158001254422098, guid: fb73f388f88398b41a79981709f3dd46, type: 3}
      propertyPath: m_LocalRotation.w
      value: 1
      objectReference: {fileID: 0}
    - target: {fileID: 2475158001254422098, guid: fb73f388f88398b41a79981709f3dd46, type: 3}
      propertyPath: m_LocalRotation.x
      value: -0
      objectReference: {fileID: 0}
    - target: {fileID: 2475158001254422098, guid: fb73f388f88398b41a79981709f3dd46, type: 3}
      propertyPath: m_LocalRotation.y
      value: -0
      objectReference: {fileID: 0}
    - target: {fileID: 2475158001254422098, guid: fb73f388f88398b41a79981709f3dd46, type: 3}
      propertyPath: m_LocalRotation.z
      value: -0
      objectReference: {fileID: 0}
    - target: {fileID: 2475158001254422098, guid: fb73f388f88398b41a79981709f3dd46, type: 3}
      propertyPath: m_AnchoredPosition.x
      value: 0
      objectReference: {fileID: 0}
    - target: {fileID: 2475158001254422098, guid: fb73f388f88398b41a79981709f3dd46, type: 3}
      propertyPath: m_AnchoredPosition.y
      value: 0.4
      objectReference: {fileID: 0}
    - target: {fileID: 2475158001254422098, guid: fb73f388f88398b41a79981709f3dd46, type: 3}
      propertyPath: m_LocalEulerAnglesHint.x
      value: 0
      objectReference: {fileID: 0}
    - target: {fileID: 2475158001254422098, guid: fb73f388f88398b41a79981709f3dd46, type: 3}
      propertyPath: m_LocalEulerAnglesHint.y
      value: 0
      objectReference: {fileID: 0}
    - target: {fileID: 2475158001254422098, guid: fb73f388f88398b41a79981709f3dd46, type: 3}
      propertyPath: m_LocalEulerAnglesHint.z
      value: 0
      objectReference: {fileID: 0}
    - target: {fileID: 4387150201336447002, guid: fb73f388f88398b41a79981709f3dd46, type: 3}
      propertyPath: m_Name
      value: HealthBar
      objectReference: {fileID: 0}
    - target: {fileID: 7479679137995271168, guid: fb73f388f88398b41a79981709f3dd46, type: 3}
      propertyPath: m_PresetInfoIsWorld
      value: 1
      objectReference: {fileID: 0}
    m_RemovedComponents: []
  m_SourcePrefab: {fileID: 100100000, guid: fb73f388f88398b41a79981709f3dd46, type: 3}
--- !u!224 &3493103775906255765 stripped
RectTransform:
  m_CorrespondingSourceObject: {fileID: 2475158001254422098, guid: fb73f388f88398b41a79981709f3dd46, type: 3}
  m_PrefabInstance: {fileID: 1306176344128456135}
  m_PrefabAsset: {fileID: 0}
--- !u!1001 &3270095993012834737
PrefabInstance:
  m_ObjectHideFlags: 0
  serializedVersion: 2
  m_Modification:
    m_TransformParent: {fileID: 890679620238708264}
    m_Modifications:
    - target: {fileID: 370734135279191695, guid: 281511081c09bb04fb68ee2a5264a4a3, type: 3}
      propertyPath: m_Name
      value: Socle
      objectReference: {fileID: 0}
    - target: {fileID: 8345164944306858173, guid: 281511081c09bb04fb68ee2a5264a4a3, type: 3}
      propertyPath: m_RootOrder
      value: 1
      objectReference: {fileID: 0}
    - target: {fileID: 8345164944306858173, guid: 281511081c09bb04fb68ee2a5264a4a3, type: 3}
      propertyPath: m_LocalScale.x
      value: 0.9
      objectReference: {fileID: 0}
    - target: {fileID: 8345164944306858173, guid: 281511081c09bb04fb68ee2a5264a4a3, type: 3}
      propertyPath: m_LocalScale.y
      value: 0.9
      objectReference: {fileID: 0}
    - target: {fileID: 8345164944306858173, guid: 281511081c09bb04fb68ee2a5264a4a3, type: 3}
      propertyPath: m_LocalScale.z
      value: 0.9
      objectReference: {fileID: 0}
    - target: {fileID: 8345164944306858173, guid: 281511081c09bb04fb68ee2a5264a4a3, type: 3}
      propertyPath: m_LocalPosition.x
      value: 0
      objectReference: {fileID: 0}
    - target: {fileID: 8345164944306858173, guid: 281511081c09bb04fb68ee2a5264a4a3, type: 3}
      propertyPath: m_LocalPosition.y
      value: 0
      objectReference: {fileID: 0}
    - target: {fileID: 8345164944306858173, guid: 281511081c09bb04fb68ee2a5264a4a3, type: 3}
      propertyPath: m_LocalPosition.z
      value: 0
      objectReference: {fileID: 0}
    - target: {fileID: 8345164944306858173, guid: 281511081c09bb04fb68ee2a5264a4a3, type: 3}
      propertyPath: m_LocalRotation.w
      value: 1
      objectReference: {fileID: 0}
    - target: {fileID: 8345164944306858173, guid: 281511081c09bb04fb68ee2a5264a4a3, type: 3}
      propertyPath: m_LocalRotation.x
      value: 0
      objectReference: {fileID: 0}
    - target: {fileID: 8345164944306858173, guid: 281511081c09bb04fb68ee2a5264a4a3, type: 3}
      propertyPath: m_LocalRotation.y
      value: 0
      objectReference: {fileID: 0}
    - target: {fileID: 8345164944306858173, guid: 281511081c09bb04fb68ee2a5264a4a3, type: 3}
      propertyPath: m_LocalRotation.z
      value: 0
      objectReference: {fileID: 0}
    - target: {fileID: 8345164944306858173, guid: 281511081c09bb04fb68ee2a5264a4a3, type: 3}
      propertyPath: m_LocalEulerAnglesHint.x
      value: 0
      objectReference: {fileID: 0}
    - target: {fileID: 8345164944306858173, guid: 281511081c09bb04fb68ee2a5264a4a3, type: 3}
      propertyPath: m_LocalEulerAnglesHint.y
      value: 0
      objectReference: {fileID: 0}
    - target: {fileID: 8345164944306858173, guid: 281511081c09bb04fb68ee2a5264a4a3, type: 3}
      propertyPath: m_LocalEulerAnglesHint.z
      value: 0
      objectReference: {fileID: 0}
    - target: {fileID: 8985747179599941240, guid: 281511081c09bb04fb68ee2a5264a4a3, type: 3}
      propertyPath: range
      value: 0.9
      objectReference: {fileID: 0}
    - target: {fileID: 8985747179599941240, guid: 281511081c09bb04fb68ee2a5264a4a3, type: 3}
      propertyPath: faction
      value: 1
      objectReference: {fileID: 0}
    - target: {fileID: 8985747179599941240, guid: 281511081c09bb04fb68ee2a5264a4a3, type: 3}
      propertyPath: initialRange
      value: 0.9
      objectReference: {fileID: 0}
    m_RemovedComponents: []
  m_SourcePrefab: {fileID: 100100000, guid: 281511081c09bb04fb68ee2a5264a4a3, type: 3}
--- !u!114 &5895915090002091977 stripped
MonoBehaviour:
  m_CorrespondingSourceObject: {fileID: 8985747179599941240, guid: 281511081c09bb04fb68ee2a5264a4a3, type: 3}
  m_PrefabInstance: {fileID: 3270095993012834737}
  m_PrefabAsset: {fileID: 0}
  m_GameObject: {fileID: 0}
  m_Enabled: 1
  m_EditorHideFlags: 0
  m_Script: {fileID: 11500000, guid: 804bd273055373840997b6d56a673246, type: 3}
  m_Name: 
  m_EditorClassIdentifier: 
--- !u!4 &6822475937066957068 stripped
Transform:
  m_CorrespondingSourceObject: {fileID: 8345164944306858173, guid: 281511081c09bb04fb68ee2a5264a4a3, type: 3}
  m_PrefabInstance: {fileID: 3270095993012834737}
  m_PrefabAsset: {fileID: 0}
--- !u!1001 &3953098299799492587
PrefabInstance:
  m_ObjectHideFlags: 0
  serializedVersion: 2
  m_Modification:
    m_TransformParent: {fileID: 890679620238708264}
    m_Modifications:
    - target: {fileID: 6789952286638026460, guid: cac5e1eb1bff02a498103cde251fe748, type: 3}
      propertyPath: m_RootOrder
      value: 0
      objectReference: {fileID: 0}
    - target: {fileID: 6789952286638026460, guid: cac5e1eb1bff02a498103cde251fe748, type: 3}
      propertyPath: m_LocalScale.x
      value: 2.9025574
      objectReference: {fileID: 0}
    - target: {fileID: 6789952286638026460, guid: cac5e1eb1bff02a498103cde251fe748, type: 3}
      propertyPath: m_LocalScale.y
      value: 2.9025574
      objectReference: {fileID: 0}
    - target: {fileID: 6789952286638026460, guid: cac5e1eb1bff02a498103cde251fe748, type: 3}
      propertyPath: m_LocalScale.z
      value: 2.9025574
      objectReference: {fileID: 0}
    - target: {fileID: 6789952286638026460, guid: cac5e1eb1bff02a498103cde251fe748, type: 3}
      propertyPath: m_LocalPosition.x
      value: 0
      objectReference: {fileID: 0}
    - target: {fileID: 6789952286638026460, guid: cac5e1eb1bff02a498103cde251fe748, type: 3}
      propertyPath: m_LocalPosition.y
      value: 0.477
      objectReference: {fileID: 0}
    - target: {fileID: 6789952286638026460, guid: cac5e1eb1bff02a498103cde251fe748, type: 3}
      propertyPath: m_LocalPosition.z
      value: 0
      objectReference: {fileID: 0}
    - target: {fileID: 6789952286638026460, guid: cac5e1eb1bff02a498103cde251fe748, type: 3}
      propertyPath: m_LocalRotation.w
      value: 1
      objectReference: {fileID: 0}
    - target: {fileID: 6789952286638026460, guid: cac5e1eb1bff02a498103cde251fe748, type: 3}
      propertyPath: m_LocalRotation.x
      value: 0
      objectReference: {fileID: 0}
    - target: {fileID: 6789952286638026460, guid: cac5e1eb1bff02a498103cde251fe748, type: 3}
      propertyPath: m_LocalRotation.y
      value: 0
      objectReference: {fileID: 0}
    - target: {fileID: 6789952286638026460, guid: cac5e1eb1bff02a498103cde251fe748, type: 3}
      propertyPath: m_LocalRotation.z
      value: 0
      objectReference: {fileID: 0}
    - target: {fileID: 6789952286638026460, guid: cac5e1eb1bff02a498103cde251fe748, type: 3}
      propertyPath: m_LocalEulerAnglesHint.x
      value: 0
      objectReference: {fileID: 0}
    - target: {fileID: 6789952286638026460, guid: cac5e1eb1bff02a498103cde251fe748, type: 3}
      propertyPath: m_LocalEulerAnglesHint.y
      value: 0
      objectReference: {fileID: 0}
    - target: {fileID: 6789952286638026460, guid: cac5e1eb1bff02a498103cde251fe748, type: 3}
      propertyPath: m_LocalEulerAnglesHint.z
      value: 0
      objectReference: {fileID: 0}
    - target: {fileID: 6789952286638026461, guid: cac5e1eb1bff02a498103cde251fe748, type: 3}
      propertyPath: m_Name
      value: 'Renderer '
      objectReference: {fileID: 0}
    - target: {fileID: 6789952286638026463, guid: cac5e1eb1bff02a498103cde251fe748, type: 3}
      propertyPath: m_Materials.Array.data[0]
      value: 
      objectReference: {fileID: 2100000, guid: 8b329dc19e6cea44aac3d9d4c2d339f9, type: 2}
    m_RemovedComponents: []
  m_SourcePrefab: {fileID: 100100000, guid: cac5e1eb1bff02a498103cde251fe748, type: 3}
--- !u!114 &2757998683958822454 stripped
MonoBehaviour:
  m_CorrespondingSourceObject: {fileID: 1196366255660175837, guid: cac5e1eb1bff02a498103cde251fe748, type: 3}
  m_PrefabInstance: {fileID: 3953098299799492587}
  m_PrefabAsset: {fileID: 0}
  m_GameObject: {fileID: 0}
  m_Enabled: 1
  m_EditorHideFlags: 0
  m_Script: {fileID: 11500000, guid: 9796bafeab5b7064392d80867ddc224e, type: 3}
  m_Name: 
  m_EditorClassIdentifier: 
--- !u!4 &7559002067861698871 stripped
Transform:
  m_CorrespondingSourceObject: {fileID: 6789952286638026460, guid: cac5e1eb1bff02a498103cde251fe748, type: 3}
  m_PrefabInstance: {fileID: 3953098299799492587}
  m_PrefabAsset: {fileID: 0}
