%YAML 1.1
%TAG !u! tag:unity3d.com,2011:
--- !u!1 &2346428346491442776
GameObject:
  m_ObjectHideFlags: 0
  m_CorrespondingSourceObject: {fileID: 0}
  m_PrefabInstance: {fileID: 0}
  m_PrefabAsset: {fileID: 0}
  serializedVersion: 6
  m_Component:
  - component: {fileID: 3497873542217499841}
  - component: {fileID: 6966116192794108639}
  - component: {fileID: 5419827353851454629}
  - component: {fileID: 6019638808890910089}
  - component: {fileID: 165843935082926721}
  - component: {fileID: -1684412112072376948}
  - component: {fileID: 1722378974678521678}
  m_Layer: 0
  m_Name: 10x10Graph
  m_TagString: Untagged
  m_Icon: {fileID: 0}
  m_NavMeshLayer: 0
  m_StaticEditorFlags: 0
  m_IsActive: 1
--- !u!4 &3497873542217499841
Transform:
  m_ObjectHideFlags: 0
  m_CorrespondingSourceObject: {fileID: 0}
  m_PrefabInstance: {fileID: 0}
  m_PrefabAsset: {fileID: 0}
  m_GameObject: {fileID: 2346428346491442776}
  m_LocalRotation: {x: 0, y: 0, z: 0, w: 1}
  m_LocalPosition: {x: 0, y: 0, z: 0}
  m_LocalScale: {x: 1, y: 1, z: 1}
  m_ConstrainProportionsScale: 0
  m_Children: []
  m_Father: {fileID: 0}
  m_RootOrder: 0
  m_LocalEulerAnglesHint: {x: 0, y: 0, z: 0}
--- !u!114 &6966116192794108639
MonoBehaviour:
  m_ObjectHideFlags: 0
  m_CorrespondingSourceObject: {fileID: 0}
  m_PrefabInstance: {fileID: 0}
  m_PrefabAsset: {fileID: 0}
  m_GameObject: {fileID: 2346428346491442776}
  m_Enabled: 1
  m_EditorHideFlags: 0
  m_Script: {fileID: 11500000, guid: 9357048643d45ed4289e16473f4f02e3, type: 3}
  m_Name: 
  m_EditorClassIdentifier: 
  generator: {fileID: 6019638808890910089}
  modifiers:
  - {fileID: 165843935082926721}
  - {fileID: -1684412112072376948}
  - {fileID: 1722378974678521678}
  silentModifiers: 0
  nodePrefab: {fileID: 9177552038479039699, guid: 90ec2bde6a0edfc4da2ece6eee3398cb, type: 3}
  edgePrefab: {fileID: 284769961470944144, guid: 03ceb9af976797b42b6f21a5ef40b98d, type: 3}
  nodes: []
  edges: []
  nodesFolder: {fileID: 0}
  edgesFolder: {fileID: 0}
--- !u!114 &5419827353851454629
MonoBehaviour:
  m_ObjectHideFlags: 0
  m_CorrespondingSourceObject: {fileID: 0}
  m_PrefabInstance: {fileID: 0}
  m_PrefabAsset: {fileID: 0}
  m_GameObject: {fileID: 2346428346491442776}
  m_Enabled: 1
  m_EditorHideFlags: 0
  m_Script: {fileID: 11500000, guid: b05ea38e59e707647af862c2e59b16b8, type: 3}
  m_Name: 
  m_EditorClassIdentifier: 
  nodes: []
  edges: []
  size: {x: 10, y: 10}
  espacement: 1
--- !u!114 &6019638808890910089
MonoBehaviour:
  m_ObjectHideFlags: 0
  m_CorrespondingSourceObject: {fileID: 0}
  m_PrefabInstance: {fileID: 0}
  m_PrefabAsset: {fileID: 0}
  m_GameObject: {fileID: 2346428346491442776}
  m_Enabled: 1
  m_EditorHideFlags: 0
  m_Script: {fileID: 11500000, guid: d6f97885f87d9244eae909b0f29706a2, type: 3}
  m_Name: 
  m_EditorClassIdentifier: 
  nodes: []
  edges: []
  gridGenerator: {fileID: 5419827353851454629}
  nbNodesToDestroy: 0
  nbNodesToReduce: 70
  redNodePrefab: {fileID: 8005533525531164490, guid: 1a9789c9b01dc1e40a0a2d2acdb97c44, type: 3}
--- !u!114 &165843935082926721
MonoBehaviour:
  m_ObjectHideFlags: 0
  m_CorrespondingSourceObject: {fileID: 0}
  m_PrefabInstance: {fileID: 0}
  m_PrefabAsset: {fileID: 0}
  m_GameObject: {fileID: 2346428346491442776}
  m_Enabled: 1
  m_EditorHideFlags: 0
  m_Script: {fileID: 11500000, guid: 2ca9305435e08ce4d86d1aa5756de5d3, type: 3}
  m_Name: 
  m_EditorClassIdentifier: 
  maxVertexDegree: 4
  method: 2
--- !u!114 &-1684412112072376948
MonoBehaviour:
  m_ObjectHideFlags: 0
  m_CorrespondingSourceObject: {fileID: 0}
  m_PrefabInstance: {fileID: 0}
  m_PrefabAsset: {fileID: 0}
  m_GameObject: {fileID: 2346428346491442776}
  m_Enabled: 1
  m_EditorHideFlags: 0
  m_Script: {fileID: 11500000, guid: 4e606ef482748b946b8b46134d901710, type: 3}
  m_Name: 
  m_EditorClassIdentifier: 
--- !u!114 &1722378974678521678
MonoBehaviour:
  m_ObjectHideFlags: 0
  m_CorrespondingSourceObject: {fileID: 0}
  m_PrefabInstance: {fileID: 0}
  m_PrefabAsset: {fileID: 0}
  m_GameObject: {fileID: 2346428346491442776}
  m_Enabled: 1
  m_EditorHideFlags: 0
  m_Script: {fileID: 11500000, guid: 2deac10a7ee50924b882791917751cd4, type: 3}
  m_Name: 
  m_EditorClassIdentifier: 
